@phdthesis{phd,
  title={Control-flow analysis of higher-order languages},
  author={Shivers, Olin},
  year={1991},
  school={Citeseer}
}

@inproceedings{preciseCFGBoolean,
    author={T. {Reinbacher} and J. {Brauer}},
    booktitle={2011 Proceedings of the Ninth ACM International Conference on Embedded Software (EMSOFT)},
    title={Precise control flow reconstruction using Boolean logic},
    year={2011},
    volume={},
    number={},
    pages={117-126},
    keywords={Boolean functions;computability;flow graphs;program verification;precise control flow reconstruction;Boolean logic;SAT based method;control flow graph reconstruction;executable code;register wise value set abstractions;Abstract interpretation;static analysis;binary code;control flow recovery;refinement;SAT solving},
    doi={10.1145/2038642.2038662},
    ISSN={},
    month={Oct},
}

@article{genericCFG,
     author = {K\"{a}stner, Daniel and Wilhelm, Stephan},
     title = {Generic Control Flow Reconstruction from Assembly Code},
     journal = {SIGPLAN Not.},
     issue_date = {July 2002},
     volume = {37},
     number = {7},
     month = jun,
     year = {2002},
     issn = {0362-1340},
     pages = {46--55},
     numpages = {10},
     url = {http://doi.acm.org/10.1145/566225.513839},
     doi = {10.1145/566225.513839},
     acmid = {513839},
     publisher = {ACM},
     address = {New York, NY, USA},
     keywords = {assembly code, call graph, control flow reconstruction, embedded processors, postpass optimization, retargetable compilers},
} 

@inproceedings{staticOfInd,
    author = {De Sutter, Bjorn and Bus, Bruno and De Bosschere, Koen and Keyngnaert, P and Demoen, Bart},
    year = {2000},
    month = {01},
    pages = {},
    title = {On the Static Analysis of Indirect Control Transfers in Binaries.}
}

%Other references
@Inbook{abstractInt,
    author="Cousot, Patrick",
    editor="Wilhelm, Reinhard",
    title="Abstract Interpretation Based Formal Methods and Future Challenges",
    bookTitle="Informatics: 10 Years Back, 10 Years Ahead",
    year="2001",
    publisher="Springer Berlin Heidelberg",
    address="Berlin, Heidelberg",
    pages="138--156",
    isbn="978-3-540-44577-7",
    doi="10.1007/3-540-44577-3_10",
    url="https://doi.org/10.1007/3-540-44577-3_10"
}

@article{abstractIntFram,
    author = {Cousot, Patrick and Cousot, Radhia},
    year = {1992},
    month = {08},
    pages = {},
    title = {Abstract Interpretation Frameworks},
    volume = {2},
    journal = {Journal of Logic and Computation},
    doi = {10.1093/logcom/2.4.511}
}

@inproceedings{AdaptableStatic,
  title={Adaptable Static Analysis of Executables for proving the Absence of Vulnerabilities},
  author={Bogdan Mihaila},
  year={2015}
}

@InProceedings{anAbstract,
    author="Kinder, Johannes
    and Zuleger, Florian
    and Veith, Helmut",
    editor="Jones, Neil D.
    and M{\"u}ller-Olm, Markus",
    title="An Abstract Interpretation-Based Framework for Control Flow Reconstruction from Binaries",
    booktitle="Verification, Model Checking, and Abstract Interpretation",
    year="2009",
    publisher="Springer Berlin Heidelberg",
    address="Berlin, Heidelberg",
    pages="214--228",
    isbn="978-3-540-93900-9"
}

@inproceedings{aPrecisionTunable,
    author = {Jing, Jing and Lie-Hui, Jiang and Tie-Ming, Liu and Zhen-Yu, Wang and Rui-Min, Wang},
    year = {2013},
    month = {12},
    pages = {2095-2099},
    title = {A precision-tunable CFG reconstruction algorithm},
    isbn = {978-1-4799-2565-0},
    doi = {10.1109/MEC.2013.6885396}
}

@online{ARMReference,
  author = {Arm Limited},
  title = {ARMÂ® Architecture Reference Manual - ARMv8, for ARMv8-A architecture profile},
  year = 2010,
  url = {https://static.docs.arm.com/ddi0487/db/DDI0487D_b_armv8_arm.pdf},
  urldate = {2019-07-05}
}


@article{CFGRealTime,
    author = {Erlangung Des Grades, Zur and Der Ingenieurwissenschaften, Doktor and Naturwissenschaftlich-technischen Fakultat I, Der and Theiling, Henrik and Prof, Vorsitzender and ing Gerhard Weikum, Dr and Prof, Gutachter and Wilhelm, Reinhard and Dr, Prof and Ganzinger, Harald},
    year = {2003},
    month = {12},
    pages = {},
    title = {Control Flow Graphs for Real-Time System Analysis: Reconstruction from Binary Executables and Usage in ILP-Based Path Analysis}
}

@online{CFGAttacks,
  author = {LI, ZHEN },
  title = {Control Flow Graph Based Attacks: In the Context of Flattened Programs},
  year = 2014,
}

@inproceedings {CFI,
    author = {Mingwei Zhang and R. Sekar},
    title = {Control Flow Integrity for {COTS} Binaries},
    booktitle = {Presented as part of the 22nd {USENIX} Security Symposium ({USENIX} Security 13)},
    year = {2013},
    isbn = {978-1-931971-03-4},
    address = {Washington, D.C.},
    pages = {337--352},
    url = {https://www.usenix.org/conference/usenixsecurity13/technical-sessions/presentation/Zhang},
    publisher = {{USENIX}},
}

@INPROCEEDINGS{efficientAndSafe,
    author={T. {Pfeffer} and P. {Herber} and L. {Druschke} and S. {Glesner}},
    booktitle={2018 IEEE 27th International Conference on Enabling Technologies: Infrastructure for Collaborative Enterprises (WETICE)},
    title={Efficient and Safe Control Flow Recovery Using a Restricted Intermediate Language},
    year={2018},
    volume={},
    number={},
    pages={235-240},
    keywords={data flow analysis;formal specification;program compilers;program diagnostics;program verification;security of data;software fault tolerance;safe control flow recovery;automatic analysis;security policies;source code level;low-level object code;control-flow recovery;security mechanisms;restricted control transition intermediate language;data-flow analyses;Security;Semantics;Computational modeling;Explosions;Memory management;Conferences;Collaboration;Security Validation;Control Flow Recovery;Bianry Analysis},
    doi={10.1109/WETICE.2018.00052},
    ISSN={1524-4547},
month={June},
}

@InProceedings{interproceduralCFG,
    author="Flexeder, Andrea
    and Mihaila, Bogdan
    and Petter, Michael
    and Seidl, Helmut",
    editor="Ueda, Kazunori",
    title="Interprocedural Control Flow Reconstruction",
    booktitle="Programming Languages and Systems",
    year="2010",
    publisher="Springer Berlin Heidelberg",
    address="Berlin, Heidelberg",
    pages="188--203",
    isbn="978-3-642-17164-2"
}

@article{mitigatingOver,
  title={Mitigating Over-Permissible Transfer for Control Flow Integrity},
  author={Chung-Kuan Chen and Shang-Kuei Chen and Shiuh-Pyng Shieh},
  journal={2018 IEEE Conference on Dependable and Secure Computing (DSC)},
  year={2018},
  pages={1-8}
}

@inproceedings {Nativex86,
    author = {David Brumley and JongHyup Lee and Edward J. Schwartz and Maverick Woo},
    title = {Native x86 Decompilation Using Semantics-Preserving Structural Analysis and Iterative Control-Flow Structuring},
    booktitle = {Presented as part of the 22nd {USENIX} Security Symposium ({USENIX} Security 13)},
    year = {2013},
    isbn = {978-1-931971-03-4},
    address = {Washington, D.C.},
    pages = {353--368},
    url = {https://www.usenix.org/conference/usenixsecurity13/technical-sessions/presentation/schwartz},
    publisher = {{USENIX}},
}

@book{PrinciplesBook,
    author = {Nielson, Flemming and Riis Nielson, Hanne and Hankin, Chris},
    year = {1999},
    month = {01},
    pages = {},
    title = {Principles of Program Analysis},
    doi = {10.1007/978-3-662-03811-6}
}

@inproceedings{revng,
 author = {Di Federico, Alessandro and Payer, Mathias and Agosta, Giovanni},
 title = {Rev.Ng: A Unified Binary Analysis Framework to Recover CFGs and Function Boundaries},
 booktitle = {Proceedings of the 26th International Conference on Compiler Construction},
 series = {CC 2017},
 year = {2017},
 isbn = {978-1-4503-5233-8},
 location = {Austin, TX, USA},
 pages = {131--141},
 numpages = {11},
 url = {http://doi.acm.org/10.1145/3033019.3033028},
 doi = {10.1145/3033019.3033028},
 acmid = {3033028},
 publisher = {ACM},
 address = {New York, NY, USA},
 keywords = {control-flow graph recovery, function boundary detection, static binary analysis},
} 

@inbook{staticDis,
    author = {Vigna, Giovanni},
    year = {2007},
    month = {01},
    pages = {19-41},
    title = {Static Disassembly and Code Analysis},
    volume = {27},
    doi = {10.1007/978-0-387-44599-1_2}
}

@article{TrABin,
  title={TrABin: Trustworthy analyses of binaries},
  author={Lindner, Andreas and Guanciale, Roberto and Metere, Roberto},
  journal={Science of Computer Programming},
  volume={174},
  pages={72--89},
  year={2019},
  publisher={Elsevier}
}

@article{valgrind,
 author = {Nethercote, Nicholas and Seward, Julian},
 title = {Valgrind: A Framework for Heavyweight Dynamic Binary Instrumentation},
 journal = {SIGPLAN Not.},
 issue_date = {June 2007},
 volume = {42},
 number = {6},
 month = jun,
 year = {2007},
 issn = {0362-1340},
 pages = {89--100},
 numpages = {12},
 url = {http://doi.acm.org/10.1145/1273442.1250746},
 doi = {10.1145/1273442.1250746},
 acmid = {1250746},
 publisher = {ACM},
 address = {New York, NY, USA},
 keywords = {Memcheck, Valgrind, dynamic binary analysis, dynamic binary instrumentation, shadow values},
} 

@Inbook{WYSINWYX,
    author="Balakrishnan, G.
    and Reps, T.
    and Melski, D.
    and Teitelbaum, T.",
    editor="Meyer, Bertrand
    and Woodcock, Jim",
    title="WYSINWYX: What You See Is Not What You eXecute",
    bookTitle="Verified Software: Theories, Tools, Experiments: First IFIP TC 2/WG 2.3 Conference, VSTTE 2005, Zurich, Switzerland, October 10-13, 2005, Revised Selected Papers and Discussions",
    year="2008",
    publisher="Springer Berlin Heidelberg",
    address="Berlin, Heidelberg",
    pages="202--213",
    doi="10.1007/978-3-540-69149-5_22",
    url="https://doi.org/10.1007/978-3-540-69149-5_22"
}


%Specification
@online{angrGIT,
  author = {Github},
  title = {angr},
  year = 2019,
  url = {https://github.com/angr/angr},
  urldate = {2019-07-27}
}

%Not used

@online{RevEng,
  author = {Carnegie Mellon University - Software Engineering Institute},
  title = {Reverse Engineering},
  year = 2005,
  url = {https://www.cs.cmu.edu/~aldrich/courses/654-sp05/handouts/MSE-RevEng-05.pdf},
  urldate = {2019-06-23}
}