@inproceedings{ABinaryRewriting,
author = {Prasad, Manish and Chiueh, tzi-cker},
year = {2003},
month = {01},
pages = {211-224},
title = {A Binary Rewriting Defense Against Stack based Buffer Overflow Attacks.}
}

@inproceedings{alternating,
 author = {Kinder, Johannes and Kravchenko, Dmitry},
 title = {Alternating Control Flow Reconstruction},
 booktitle = {Proceedings of the 13th International Conference on Verification, Model Checking, and Abstract Interpretation},
 series = {VMCAI'12},
 year = {2012},
 isbn = {978-3-642-27939-3},
 location = {Philadelphia, PA},
 pages = {267--282},
 numpages = {16},
 url = {http://dx.doi.org/10.1007/978-3-642-27940-9_18},
 doi = {10.1007/978-3-642-27940-9_18},
 acmid = {2189275},
 publisher = {Springer-Verlag},
 address = {Berlin, Heidelberg},
}

@inproceedings{angr,
  title={{SoK: (State of) The Art of War: Offensive Techniques in Binary Analysis}},
  author={Shoshitaishvili, Yan and Wang, Ruoyu and Salls, Christopher and
          Stephens, Nick and Polino, Mario and Dutcher, Audrey and Grosen, John and
          Feng, Siji and Hauser, Christophe and Kruegel, Christopher and Vigna, Giovanni},
  booktitle={IEEE Symposium on Security and Privacy},
  year={2016}
}

@inproceedings{automatedFuzzing,
    author = {Godefroid, Patrice and Y. Levin, Michael and Molnar, David},
    year = {2008},
    month = {01},
    pages = {},
    title = {Automated Whitebox Fuzz Testing}
}

@InProceedings{BAP,
    author="Brumley, David
    and Jager, Ivan
    and Avgerinos, Thanassis
    and Schwartz, Edward J.",
    editor="Gopalakrishnan, Ganesh
    and Qadeer, Shaz",
    title="BAP: A Binary Analysis Platform",
    booktitle="Computer Aided Verification",
    year="2011",
    publisher="Springer Berlin Heidelberg",
    address="Berlin, Heidelberg",
    pages="463--469",
    isbn="978-3-642-22110-1"
}

@inproceedings{BitBlaze,
     author = {Song, Dawn and Brumley, David and Yin, Heng and Caballero, Juan and Jager, Ivan and Kang, Min Gyung and Liang, Zhenkai and Newsome, James and Poosankam, Pongsin and Saxena, Prateek},
     title = {BitBlaze: A New Approach to Computer Security via Binary Analysis},
     booktitle = {Proceedings of the 4th International Conference on Information Systems Security},
     series = {ICISS '08},
     year = {2008},
     isbn = {978-3-540-89861-0},
     location = {Hyderabad, India},
     pages = {1--25},
     numpages = {25},
     url = {http://dx.doi.org/10.1007/978-3-540-89862-7_1},
     doi = {10.1007/978-3-540-89862-7_1},
     acmid = {1496257},
     publisher = {Springer-Verlag},
     address = {Berlin, Heidelberg},
     keywords = {Binary analysis, malware analysis and defense, reverse engineering, vulnerability analysis and defense},
}

@online{BordeauxSoftwareVerification,
  author = {Grégoire Sutre},
  title = {Software Verification},
  year = 2008,
  url = {https://resources.mpi-inf.mpg.de/departments/rg1/conferences/vtsa08/slides/sutre1.pdf},
  urldate = {2019-09-05}
}

@InProceedings{CodeSurfer,
    author="Balakrishnan, Gogul
    and Gruian, Radu
    and Reps, Thomas
    and Teitelbaum, Tim",
    editor="Bodik, Rastislav",
    title="CodeSurfer/x86---A Platform for Analyzing x86 Executables",
    booktitle="Compiler Construction",
    year="2005",
    publisher="Springer Berlin Heidelberg",
    address="Berlin, Heidelberg",
    pages="250--254",
    isbn="978-3-540-31985-6"
}

@MastersThesis{CFGFromPowerPC,
  title={Control flow reconstruction from PowerPC binaries},
  author={Bogdan Mihaila},
  year={2009},
  school={Technical University of Munich},
}

@inproceedings{cpaAlgo,
  title={Configurable software verification: Concretizing the convergence of model checking and program analysis},
  author={Beyer, Dirk and Henzinger, Thomas A and Th{\'e}oduloz, Gr{\'e}gory},
  booktitle={International Conference on Computer Aided Verification},
  pages={504--518},
  year={2007},
  organization={Springer}
}


@INPROCEEDINGS{DisassemblyOfExecutable,
    author={B. {Schwarz} and S. {Debray} and G. {Andrews}},
    booktitle={Ninth Working Conference on Reverse Engineering, 2002. Proceedings.},
    title={Disassembly of executable code revisited},
    year={2002},
    volume={},
    number={},
    pages={45-54},
    keywords={reverse engineering;program compilers;machine code disassembly routines;software systems;executable programs;reverse engineering systems;static binary translators;link-time optimizers;instruction stream;produce incorrect disassemblies;Reverse engineering;Software systems;Assembly;Computer science;Libraries;Joining processes;Information analysis},
    doi={10.1109/WCRE.2002.1173063},
    ISSN={1095-1350},
    month={11},
}

@online{carneigeDataFlow,
  author = {{Todd C. Mowry}},
  title = {{Introduction to Data Flow Analysis}},
  year = 2003,
  url = {https://www.cs.cmu.edu/afs/cs/academic/class/15745-s03/public/lectures/L4_handouts.pdf},
  urldate = {2019-08-29}
}

@online{DefinitionStaticAnal,
  author = {Margaret Rouse},
  title = {{Definition - static analysis (static code analysis) }},
  year = 2006,
  url = {https://searchwindevelopment.techtarget.com/definition/static-analysis},
  urldate = {2019-08-11}
}

@article{TrABin,
  title={TrABin: Trustworthy analyses of binaries},
  author={Lindner, Andreas and Guanciale, Roberto and Metere, Roberto},
  journal={Science of Computer Programming},
  volume={174},
  pages={72--89},
  year={2019},
  publisher={Elsevier}
}

@article{valgrind,
 author = {Nethercote, Nicholas and Seward, Julian},
 title = {Valgrind: A Framework for Heavyweight Dynamic Binary Instrumentation},
 journal = {SIGPLAN Not.},
 issue_date = {June 2007},
 volume = {42},
 number = {6},
 month = jun,
 year = {2007},
 issn = {0362-1340},
 pages = {89--100},
 numpages = {12},
 url = {http://doi.acm.org/10.1145/1273442.1250746},
 doi = {10.1145/1273442.1250746},
 acmid = {1250746},
 publisher = {ACM},
 address = {New York, NY, USA},
 keywords = {Memcheck, Valgrind, dynamic binary analysis, dynamic binary instrumentation, shadow values},
}

@online{EoMCorrespondence,
  author = {Encylopedia of Mathematics},
  title = {{Correspondence}},
  year = 2012,
  url = {https://www.encyclopediaofmath.org/index.php/Correspondence},
  urldate = {2019-07-14}
}

@online{EoMPoset,
  author = {Encylopedia of Mathematics},
  title = {{Partially ordered set}},
  year = 2017,
  url = {https://www.encyclopediaofmath.org/index.php/Partially_ordered_set},
  urldate = {2019-07-14}
}

@online{FRPatrick,
  author = {Patrick Cousot},
  title = {{Abstract Interpretation in a Nutshell}},
  year = 2019,
  url = {https://www.di.ens.fr/~cousot/AI/IntroAbsInt.html},
  urldate = {2019-07-14}
}

@article{fuzzingSurvey,
  author    = {Valentin J. M. Man{\`{e}}s and
               HyungSeok Han and
               Choongwoo Han and
               Sang Kil Cha and
               Manuel Egele and
               Edward J. Schwartz and
               Maverick Woo},
  title     = {Fuzzing: Art, Science, and Engineering},
  journal   = {CoRR},
  volume    = {abs/1812.00140},
  year      = {2018},
  url       = {http://arxiv.org/abs/1812.00140},
  archivePrefix = {arXiv},
  eprint    = {1812.00140},
  timestamp = {Tue, 01 Jan 2019 15:01:25 +0100},
  biburl    = {https://dblp.org/rec/bib/journals/corr/abs-1812-00140},
  bibsource = {dblp computer science bibliography, https://dblp.org}
}

@incollection{galoisConnections,
 author = {B\"{o}rner, Ferdinand},
 chapter = {Basics of Galois Connections},
 title = {Complexity of Constraints},
 editor = {Creignou, Nadia and Kolaitis, Phokion G. and Vollmer, Heribert},
 year = {2008},
 isbn = {978-3-540-92799-0},
 pages = {38--67},
 numpages = {30},
 url = {http://dx.doi.org/10.1007/978-3-540-92800-3_3},
 doi = {10.1007/978-3-540-92800-3_3},
 acmid = {1505741},
 publisher = {Springer-Verlag},
 address = {Berlin, Heidelberg},
} 

@online{IDAPro,
  author = {Hex-Rays},
  title = {IDA: About},
  year = 2019,
  url = {https://www.hex-rays.com/products/ida/},
  urldate = {2019-07-31}
}

@inbook{StaticDisAndCodeAnal,%Really supposed to be a book? 
author = {Vigna, Giovanni},
year = {2007},
month = {01},
pages = {19-41},
title = {Static Disassembly and Code Analysis},
volume = {27},
doi = {10.1007/978-0-387-44599-1_2}
}

@article{Jakstab,
      title = {Static Analysis of x86 Executables},
      author = {Kinder, Johannes},
      publisher = {Technische Universität Darmstadt},
      year = {2010},
      url = {http://infoscience.epfl.ch/record/167546},
}

@online{JakstabGit,
  author = {Kinder, Johannes},
  title = {{jkinder/jakstab: The Jakstab static analysis platform for binaries}},
  year = 2017,
  url = {https://github.com/jkinder/jakstab},
  urldate = {2019-06-03}
}

@inproceedings{preciseCFG,
  title={Constructing Precise Control Flow Graphs from Binaries},
  author={Liang Xu and Fangqi Sun and Zhendong Su},
  year={2010}
}

@inproceedings{preciseCFGBoolean,
    author={T. {Reinbacher} and J. {Brauer}},
    booktitle={2011 Proceedings of the Ninth ACM International Conference on Embedded Software (EMSOFT)},
    title={Precise control flow reconstruction using Boolean logic},
    year={2011},
    volume={},
    number={},
    pages={117-126},
    keywords={Boolean functions;computability;flow graphs;program verification;precise control flow reconstruction;Boolean logic;SAT based method;control flow graph reconstruction;executable code;register wise value set abstractions;Abstract interpretation;static analysis;binary code;control flow recovery;refinement;SAT solving},
    doi={10.1145/2038642.2038662},
    ISSN={},
    month={Oct},
}

@book{ReversingSecretsofReverseEngineering,
 author = {Eilam, Eldad},
 title = {Reversing: Secrets of Reverse Engineering},
 year = {2005},
 isbn = {9780764574818},
 publisher = {John Wiley \& Sons, Inc.},
 address = {New York, NY, USA},
} 

@online{SPECData,
  author = {Standard Performance Evaluation Corporation},
  title = {Order SPEC Benchmarks},
  year = 2019,
  url = {https://www.spec.org/order.html},
  urldate = {2019-07-24}
}

@inproceedings{staticOfInd,
    author = {De Sutter, Bjorn and Bus, Bruno and De Bosschere, Koen and Keyngnaert, P and Demoen, Bart},
    year = {2000},
    month = {01},
    pages = {},
    title = {On the Static Analysis of Indirect Control Transfers in Binaries.}
}

@online{XcodeGhost,
  author = {Claud Xiao},
  title = {{Novel Malware XcodeGhost Modifies Xcode, Infects Apple iOS Apps and Hits App Store}},
  year = 2015,
  url = {https://unit42.paloaltonetworks.com/novel-malware-xcodeghost-modifies-xcode-infects-apple-ios-apps-and-hits-app-store/},
  urldate = {2019-08-03}
}

@online{XcodeGhostFireEye,
  author = {FireEye Mobile Team},
  title = {{Executive Perspectives - Protecting Our Customers from XcodeGhost}},
  year = 2015,
  url = {https://www.fireeye.com/blog/executive-perspective/2015/09/protecting_our_custo.html},
  urldate = {2019-08-03}
}

@online{Xcode,
  author = {Apple},
  title = {{Xcode 11}},
  year = 2019,
  url = {https://developer.apple.com/xcode/},
  urldate = {2019-08-03}
}

%Obsolete
@online{HOL4,
  %author = { },
  title = {{HOL Interactive Theorem Prover}},
  year = 2019,
  url = {https://hol-theorem-prover.org/},
  urldate = {2019-06-03}
}